@article{Krabbenhoft2004,
	doi = {10.1111/j.1365-246x.2004.02425.x},
	url = {https://doi.org/10.1111%2Fj.1365-246x.2004.02425.x},
	year = 2004,
	month = {nov},
	publisher = {Oxford University Press ({OUP})},
	volume = {159},
	number = {2},
	pages = {749--764},
	author = {A. Krabbenhöft and J. Bialas and H. Kopp and N. Kukowski and C. Hübscher},
	title = {Crustal structure of the Peruvian continental margin from wide-angle seismic studies},
	journal = {Geophysical Journal International}
}

@article{VillegasLanza2016,
	doi = {10.1002/2016jb013080},
	url = {https://doi.org/10.1002%2F2016jb013080},
	year = 2016,
	month = {oct},
	publisher = {American Geophysical Union ({AGU})},
	volume = {121},
	number = {10},
	pages = {7371--7394},
	author = {J. C. Villegas-Lanza and M. Chlieh and O. Cavali{\'{e}} and H. Tavera and P. Baby and J. Chire-Chira and J.-M. Nocquet},
	title = {Active tectonics of Peru: Heterogeneous interseismic coupling along the Nazca megathrust, rigid motion of the Peruvian Sliver, and Subandean shortening accommodation},
	journal = {Journal of Geophysical Research: Solid Earth}
}

@article{silgado_ferro_historia_1978,
	title = {Historia de los sismos más notables ocurridos en el {Perú} (1513 -1974) - [{Boletín} {C} 3]},
	copyright = {info:eu-repo/semantics/openAccess},
	url = {https://repositorio.ingemmet.gob.pe/handle/20.500.12544/251},
	abstract = {Se expone la cronología y características detalladas de los sismos en el Perú, mediante un listado pormenorizado de 216 casos de sismos, cronológicamente ocurridos entre los años 1513 y 1974 (Siglos XVI-XX). La información de referencia anota la historia desde las antiguas crónicas, la geología, la actividad sísmica y la liberación de energía tectónica.},
	language = {spa},
	urldate = {2023-11-29},
	journal = {Instituto Geológico, Minero y Metalúrgico - INGEMMET},
	author = {Silgado Ferro, Enrique},
	year = {1978},
}

@manual{rdseed,
  title = {{rdseed - Legacy SEED Reader}},
  organization = {IRIS Data Services},
  year = {2018},
  note = {\url{http://www.iris.edu/pub/programs/rdseedv5.3.1.tar.gz}},
  key = {rdseed}
}

@misc{kikuchi_kanamori_model,
  author = {M. Kikuchi and H. Kanamori},
  title = {Note on Teleseismic Body-Wave Inversion Program},
  howpublished = {Página web},
  year = {1991},
  note = {\url{https://wwweic.eri.u-tokyo.ac.jp/ETAL/KIKUCHI/}},
  key = {Kikuchi-Kanamori}
}

@article{Phillips2012,
	doi = {10.1029/2012jb009540},
	url = {https://doi.org/10.1029%2F2012jb009540},
	year = 2012,
	month = {nov},
	publisher = {American Geophysical Union ({AGU})},
	volume = {117},
	number = {B11},
	author = {Kristin Phillips and Robert W. Clayton and Paul Davis and Hernando Tavera and Richard Guy and Steven Skinner and Igor Stubailo and Laurence Audin and Victor Aguilar},
	title = {Structure of the subduction system in southern Peru from seismic array data},
	journal = {Journal of Geophysical Research: Solid Earth}
}

@misc{Kik2003,
  author = {Kikuchi, M. and Kanamori, H.},
  title = {Notes on Teleseismic Body-Wave Inversion Program},
  year = {2003},
  howpublished = {\url{http://www.eri.u-tokyo.ac.jp/ETAL/KIKUCHI/}}
}

@misc{CEN13,
  key = {CENEPRED},
  title = {Sismo de Yauca-Acarí del 25 de Septiembre del 2013 (7.0 Mw) - Arequipa},
  year = {2013},
  howpublished = {\url{https://sigrid.cenepred.gob.pe/sigridv3/storage/biblioteca/3955_sismo-de-yauca-acari-del-25-de-septiembre-del-2013-70mw-arequipa.pdf}}
}

@misc{DHN,
  author = {Jiménez, C.},
  title = {Sismo y Tsunami de Yauca 2018 (7.1 Mw)},
  year = {2018},
  howpublished = {\url{https://www.dhn.mil.pe/files/cnat/pdf/articulos/Sismo%20y%20Tsunami%20Yauca%202018.pdf}}
}

@misc{IGP13,
  key = {Instituto Geofísico del Perú},
  title = {Sismo de Yauca-Acarí del 25 de septiembre del 2013 (7.0 Mw) - Arequipa},
  year = {2013},
  howpublished = {\url{http://hdl.handle.net/20.500.12816/1104}}
}

@misc{TU,
  key = {Tohoku University},
  title = {Numerical Simulation as Guidance in Making Tsunami Hazard Map for Sabah and Labuan Island},
  year = {2010},
  howpublished = {\url{https://iisee.kenken.go.jp/syndb/?action=abstr&id=MEE09199&est=T&year=2010}}
}

@article{christensen_effects_1995,
	title = {Effects of {Phase} {Transitions} on {Mantle} {Convection}},
	volume = {23},
	issn = {0084-6597, 1545-4495},
	url = {https://www.annualreviews.org/doi/10.1146/annurev.ea.23.050195.000433},
	doi = {10.1146/annurev.ea.23.050195.000433},
	language = {en},
	number = {1},
	urldate = {2024-04-18},
	journal = {Annual Review of Earth and Planetary Sciences},
	author = {Christensen, Ulrich},
	month = may,
	year = {1995},
	pages = {65--87},
}

@article{stark_depths_1985,
	title = {The depths of the deepest deep earthquakes},
	volume = {90},
	copyright = {http://onlinelibrary.wiley.com/termsAndConditions\#vor},
	issn = {0148-0227},
	url = {https://agupubs.onlinelibrary.wiley.com/doi/10.1029/JB090iB02p01859},
	doi = {10.1029/JB090iB02p01859},
	abstract = {The maximum depth of seismic activity is a fundamental observation providing a constraint on models of mantle dynamics. Although most recent investigations of mantle seismicity and dynamics state that seismicity extends to “about 700 km,” focal depths of 720 km have been reported for large earthquakes, as well as depths greater than 800 km for small events. We have examined focal depths of events in several catalogs and conclude that (1) the deepest reliable focal depths are at about 670–680 km, and events with focal depths beneath 600 km occur in several widely separated geographic regions, (2) observations supporting focal depths exceeding 680 km are usually few, poor, or inconsistent, (3) the reduction of seismic activity beneath about 650 km is quite abrupt. However, we cannot determine whether activity stops completely at 670–680 km, or the maximum size of events decreases gradually beneath 650 km, with magnitudes of 6.5–7.0 occasionally occurring at 650 km, magnitudes of 5.5–6.0 at 680 km, 4.0–4.5 at 695 km, etc. Several models can explain the absence of seismic activity in the lower mantle. Two models are consistent with the abrupt termination of activity at about 650–680 km in widely separated areas: a barrier which resists penetration by the subducting lithosphere or a phase transition which modifies the properties of the subducted material as it goes into the lower mantle.},
	language = {en},
	number = {B2},
	urldate = {2024-04-18},
	journal = {Journal of Geophysical Research: Solid Earth},
	author = {Stark, Philip B. and Frohlich, Cliff},
	month = feb,
	year = {1985},
	pages = {1859--1869},
}